@electronic{reference1,
	Organization = {Organization1},
	title = {Title1}, 
	note = {[Accessed: 22 mei 2019]},
	HowPublished = {[Online]. Available: \url{https://www.site1.io/docs/automation/}}}

@electronic{reference2,
	Organization = {Organization2},
	title = {Title2}, 
	note = {[Accessed: 22 mei 2019]},
	HowPublished = {[Online]. Available: \url{https://site2.io/docs/en/index.html}}}

